<?xml version="1.0" encoding="UTF-8"?><collection xmlns="http://www.loc.gov/MARC21/slim"><record><leader>00409nam--2200133-i-4500</leader><controlfield tag="001">000008195</controlfield><controlfield tag="002">20161230</controlfield><controlfield tag="005">20161230201027</controlfield><controlfield tag="008">060222s1000------------r-----000-0-eng-d</controlfield><datafield ind1=" " ind2=" " tag="100"><subfield code="a">Cavailles, J., Martinelli, P.And Robert, A</subfield></datafield><datafield ind1=" " ind2=" " tag="245"><subfield code="a">Progress in the study and applications of low energy photon radioactive sources</subfield></datafield><datafield ind1=" " ind2=" " tag="260"><subfield code="a">Saclay, Centre D Etudes Nucleaires, 1967</subfield></datafield><datafield ind1=" " ind2=" " tag="490"><subfield code="a">13 P.+ 12 Fig</subfield></datafield><datafield ind1=" " ind2=" " tag="852"><subfield code="a">-</subfield></datafield></record></collection>